@article{Dummy,
   author = {Dummy},
   title = {Dummy},
   subtitle = {Dummy},
   journaltitle = {Dummy},
   date = {1929-10-26},
   hyphenation={USenglish},
}